@posobie{posobie,
  title     = "Practical scientific writing",
  author    = "Кулябов Д. С. Королькова А. В. Геворкян М. Н.",
  publisher = "РУДН",
  address   = "Москва",
  pages     = "41",
}